<?xml version="1.0" encoding="UTF-8" ?>
<record Numero="16271811" format="InterXMarc_Complet" type="Authority">
<leader>00833n1 au22000272  45  <Pos Code="0004">00833</Pos>
<Pos Code="05" Sens="notice nouvelle">n</Pos>
<Pos Code="06" Sens="notice validée en catalogage courant">1</Pos>
<Pos Code="08" Sens="notice d&apos;autorité">a</Pos>
<Pos Code="09" Sens="titre uniforme musical (TUM)">u</Pos>
<Pos Code="10">2</Pos>
<Pos Code="11">2</Pos>
<Pos Code="1216">00027</Pos>
<Pos Code="17" Sens="autres cas">2</Pos>
<Pos Code="20">4</Pos>
<Pos Code="21">5</Pos>
</leader>
<controlfield tag="001">FRBNF162718115<Pos Code="0001">FR</Pos>
<Pos Code="0204">BNF</Pos>
<Pos Code="0512">16271811</Pos>
<Pos Code="13">5</Pos>
</controlfield>
<controlfield tag="008">110309      yy    co        1782      1783                   1   <Pos Code="0001">11</Pos>
<Pos Code="0203">03</Pos>
<Pos Code="0405">09</Pos>
<Pos Code="1213" Sens="ne s&apos;applique pas">yy</Pos>
<Pos Code="1820">co </Pos>
<Pos Code="2831">1782</Pos>
<Pos Code="3841">1783</Pos>
<Pos Code="61" Sens="La vedette peut être liée à une notice bibliographique sauf pour l&apos;accès matière RAMEAU">1</Pos>
</controlfield>
<datafield tag="048" ind1=" " ind2=" ">
	<subfield code="a">ka01<Pos Code="0001" Sens="clavier - piano">ka</Pos>
<Pos Code="02">0</Pos>
<Pos Code="03">1</Pos>
</subfield>
	<subfield code="a">sa02<Pos Code="0001" Sens="cordes frottées - violon">sa</Pos>
<Pos Code="02">0</Pos>
<Pos Code="03">2</Pos>
</subfield>
	<subfield code="a">sb01<Pos Code="0001" Sens="cordes frottées - alto">sb</Pos>
<Pos Code="02">0</Pos>
<Pos Code="03">1</Pos>
</subfield>
	<subfield code="a">sc01<Pos Code="0001" Sens="cordes frottées - violoncelle">sc</Pos>
<Pos Code="02">0</Pos>
<Pos Code="03">1</Pos>
</subfield>
</datafield>
<datafield tag="100" ind1=" " ind2=" ">
	<subfield code="3">14027233</subfield>
	<subfield code="w">.0..b.....</subfield>
	<subfield code="a">Mozart</subfield>
	<subfield code="m">Wolfgang Amadeus</subfield>
	<subfield code="d">1756-1791</subfield>
</datafield>
<datafield tag="144" ind1="1" ind2=" ">
	<subfield code="w">....b.fre.</subfield>
	<subfield code="a">Concertos</subfield>
	<subfield code="b">Piano, quatuor à cordes</subfield>
	<subfield code="k">KV 387p</subfield>
	<subfield code="t">Do majeur</subfield>
</datafield>
<datafield tag="301" ind1=" " ind2=" ">
	<subfield code="r">Réduction de</subfield>
	<subfield code="3">13915145</subfield>
	<subfield code="a">Mozart</subfield>
	<subfield code="m">Wolfgang Amadeus</subfield>
	<subfield code="d">1756-1791</subfield>
	<subfield code="t">[Concertos. Piano, orchestre. KV 387b. Do majeur]</subfield>
</datafield>
<datafield tag="444" ind1="1" ind2=" ">
	<subfield code="w">....b.fre.</subfield>
	<subfield code="a">Concertos</subfield>
	<subfield code="b">Piano, quatuor à cordes</subfield>
	<subfield code="k">KV 415</subfield>
	<subfield code="t">Do majeur</subfield>
</datafield>
<datafield tag="444" ind1="1" ind2=" ">
	<subfield code="w">....b.fre.</subfield>
	<subfield code="a">Concertos</subfield>
	<subfield code="b">Piano, orchestre</subfield>
	<subfield code="k">KV 387p</subfield>
	<subfield code="q">Réduction pour piano, quatuor à cordes</subfield>
	<subfield code="t">Do majeur</subfield>
</datafield>
<datafield tag="600" ind1=" " ind2=" ">
	<subfield code="a">Date de composition : Vienne, hiver 1782-1783</subfield>
</datafield>
<datafield tag="610" ind1=" " ind2=" ">
	<subfield code="a">Köchel</subfield>
</datafield>
<datafield tag="610" ind1=" " ind2=" ">
	<subfield code="a">Piano concertos Nos. 12, 13 and 14 [Enregistrement sonore] : composer&apos;s versions for piano and string quartet / Mozart, comp. ; Robert Blocker, p ; Biava quartet Naxos 8.557881</subfield>
</datafield>
<Alter Ori="14027233">
<datafield tag="400" ind1=" " ind2=" ">
	<subfield code="w">....b.....</subfield>
	<subfield code="a">Mozart</subfield>
	<subfield code="m">Wolfgang Gottlieb</subfield>
	<subfield code="d">1756-1791</subfield>
</datafield>
</Alter>
<Attr Nom="IDPerenne">ark:/12148/cb16271811w</Attr>
<Attr Nom="Source" Sens="BnF catalogue général (depuis 1999)">A</Attr>
<Attr Nom="NumAutoriteLiee">1402723313915145</Attr>
<Attr Nom="DateCreation">09/03/ 2011</Attr>
<Attr Nom="ResponsableCreation">BOUDOUX D HAUTEFEUILLE MARIE-EDITH</Attr>
<Attr Nom="StructCreation">71</Attr>
<Attr Nom="DateDerniereValidation">09/03/ 2011</Attr>
<Attr Nom="ResponsableDerniereValidation">BOUDOUX D HAUTEFEUILLE MARIE-EDITH</Attr>
<Attr Nom="StructPremiereValidation">71</Attr>
<Attr Nom="DatePremiereValidation">09/03/ 2011</Attr>
<Attr Nom="ResponsablePremiereValidation">BOUDOUX D HAUTEFEUILLE MARIE-EDITH</Attr>
<Attr Nom="StructDerniereValidation">71</Attr>
<Attr Nom="NumSource">CRA PH15701450PE</Attr>
</record>
